@article{Paavola_2005,
  doi = {10.1007/s11191-004-5157-0},
  url = {http://dx.doi.org/10.1007/s11191-004-5157-0},
  year = {2005},
  month = {aug},
  publisher = {Springer Science $\mathplus$ Business Media},
  volume = {14},
  number = {6},
  pages = {535--557},
  author = {Sami Paavola and Kai Hakkarainen},
  title = {{The Knowledge Creation Metaphor {\textendash} An Emergent Epistemological Approach to Learning}},
  journal = {Sci Educ},
}


@article{Beijaard_2004,
  doi = {10.1016/j.tate.2003.07.001},
  url = {http://dx.doi.org/10.1016/j.tate.2003.07.001},
  year = {2004},
  month = {feb},
  publisher = {Elsevier {BV}},
  volume = {20},
  number = {2},
  pages = {107--128},
  author = {Douwe Beijaard and Paulien C. Meijer and Nico Verloop},
  title = {{Reconsidering research on teachers' professional identity}},
  journal = {Teaching and Teacher Education},
}
